<record><leader>02651pam a2200409 i 4500</leader><controlfield tag="001">6803248</controlfield><controlfield tag="003">OCoLC</controlfield><controlfield tag="005">20150123141609.0</controlfield><controlfield tag="008">140602s2015    nyua     b    001 0 eng  </controlfield><datafield ind1=" " ind2=" " tag="010"><subfield code="a">  2014020626</subfield></datafield><datafield ind1=" " ind2=" " tag="015"><subfield code="a">GBB4B9545</subfield><subfield code="2">bnb</subfield></datafield><datafield ind1="7" ind2=" " tag="016"><subfield code="a">016912941</subfield><subfield code="2">Uk</subfield></datafield><datafield ind1=" " ind2=" " tag="020"><subfield code="a">9781138021945 (hardback)</subfield></datafield><datafield ind1=" " ind2=" " tag="020"><subfield code="a">1138021946 (hardback)</subfield></datafield><datafield ind1=" " ind2=" " tag="035"><subfield code="a">ocn896787045</subfield></datafield><datafield ind1=" " ind2=" " tag="040"><subfield code="a">DLC</subfield><subfield code="b">eng</subfield><subfield code="e">rda</subfield><subfield code="c">DLC</subfield><subfield code="d">YDXCP</subfield><subfield code="d">BTCTA</subfield><subfield code="d">OCLCO</subfield><subfield code="d">BDX</subfield><subfield code="d">UKMGB</subfield><subfield code="d">OCLCF</subfield><subfield code="d">UAB</subfield><subfield code="d">AEU</subfield></datafield><datafield ind1=" " ind2=" " tag="042"><subfield code="a">pcc</subfield></datafield><datafield ind1=" " ind2=" " tag="043"><subfield code="a">n-us---</subfield></datafield><datafield ind1="0" ind2="0" tag="050"><subfield code="a">HV881</subfield><subfield code="b">.P33 2015</subfield></datafield><datafield ind1="0" ind2="0" tag="082"><subfield code="a">362.73/3</subfield><subfield code="2">23</subfield></datafield><datafield ind1=" " ind2=" " tag="084"><subfield code="a">POL000000</subfield><subfield code="a">POL017000</subfield><subfield code="a">POL019000</subfield><subfield code="2">bisacsh</subfield></datafield><datafield ind1=" " ind2=" " tag="090"><subfield code="a">HV 881 P33 2015</subfield><subfield code="b">AEU</subfield></datafield><datafield ind1="1" ind2=" " tag="100"><subfield code="a">Padot, Rebecca,</subfield><subfield code="e">author.</subfield></datafield><datafield ind1="1" ind2="4" tag="245"><subfield code="a">The politics of foster care administration in the United States /</subfield><subfield code="c">Rebecca H. Padot.</subfield></datafield><datafield ind1=" " ind2="1" tag="264"><subfield code="a">New York :</subfield><subfield code="b">Routledge, Taylor &amp; Francis Group,</subfield><subfield code="c">2015.</subfield></datafield><datafield ind1=" " ind2=" " tag="300"><subfield code="a">xv, 197 pages :</subfield><subfield code="b">illustrations ;</subfield><subfield code="c">24 cm.</subfield></datafield><datafield ind1=" " ind2=" " tag="336"><subfield code="a">text</subfield><subfield code="2">rdacontent</subfield></datafield><datafield ind1=" " ind2=" " tag="337"><subfield code="a">unmediated</subfield><subfield code="2">rdamedia</subfield></datafield><datafield ind1=" " ind2=" " tag="338"><subfield code="a">volume</subfield><subfield code="2">rdacarrier</subfield></datafield><datafield ind1="1" ind2=" " tag="490"><subfield code="a">Routledge research in public administration and public policy ;</subfield><subfield code="v">12</subfield></datafield><datafield ind1=" " ind2=" " tag="504"><subfield code="a">Includes bibliographical references and index.</subfield></datafield><datafield ind1=" " ind2=" " tag="520"><subfield code="a">"Government-by-proxy and intergovernmental relations profoundly affect the public administration of foster care. Using examples from foster care systems in the states of Delaware, Michigan, New York, and Rhode Island, Rebecca Padot eloquently combines a rigorous methodology and theory work to expose the conditions under which foster care outcomes can be improved. The cases selected suggest that the federal government has increased its focus on measuring the performance of state programs while simultaneously decreasing its funding of state foster care programs and offering the states very little management or mentorship. Padot turns the page and recommends administrators place a greater priority on building community partners, integrating the advice of mentors, providing leadership from public managers, and cultivating relationships with the federal government.An original and timely resource for scholars and practitioners, this book represents a significant contribution to our understanding of how leadership and management variables may be associated with more positive foster care practices and performance in the United States"--</subfield><subfield code="c">Provided by publisher.</subfield></datafield><datafield ind1=" " ind2=" " tag="596"><subfield code="a">43</subfield></datafield><datafield ind1=" " ind2="0" tag="650"><subfield code="a">Foster home care</subfield><subfield code="z">United States.</subfield></datafield><datafield ind1=" " ind2="0" tag="830"><subfield code="a">Routledge research in public administration and public policy ;</subfield><subfield code="v">12.</subfield></datafield><datafield ind1=" " ind2=" " tag="949"><subfield code="a">HV 881 P33 2015</subfield><subfield code="c">1</subfield><subfield code="h">UAHS-B</subfield><subfield code="i">0162035235421</subfield></datafield><datafield ind1=" " ind2=" " tag="926"><subfield code="a">HV 881 P33 2015</subfield><subfield code="w">LC</subfield><subfield code="c">1</subfield><subfield code="i">0162035235421</subfield><subfield code="l">ON_SHELF</subfield><subfield code="m">UAHSS</subfield><subfield code="p">$150.00</subfield><subfield code="r">Y</subfield><subfield code="s">Y</subfield><subfield code="t">BOOK</subfield><subfield code="u">2/11/2015</subfield></datafield></record>